
% graph machines
@article{goulon2005learning,
	title={Learning numbers from Graphs},
	author={Goulon, Aur{\'e}lie and Duprat, Arthur and Dreyfus, G{\'e}rard},
	journal={Applied Statistical Modelling and Data Analysis, Brest, France},
	pages={17--20},
	year={2005}
}

% GNN
@article{scarselli2009graph,
	title={The graph neural network model},
	author={Scarselli, Franco and Gori, Marco and Tsoi, Ah Chung and Hagenbuchner, Markus and Monfardini, Gabriele},
	journal={Neural Networks, IEEE Transactions on},
	volume={20},
	number={1},
	pages={61--80},
	year={2009},
	publisher={IEEE}
}

% LRAAM
@article{sperduti1994labelling,
	title={Labelling recursive auto-associative memory},
	author={Sperduti, Alessandro},
	journal={Connection Science},
	volume={6},
	number={4},
	pages={429--459},
	year={1994},
	publisher={Taylor \& Francis}
}

% RAAM
@article{pollack1990recursive,
	title={Recursive distributed representations},
	author={Pollack, Jordan B},
	journal={Artificial Intelligence},
	volume={46},
	number={1},
	pages={77--105},
	year={1990},
	publisher={Elsevier}
}

% RPROP
@inproceedings{riedmiller1993direct,
	title={A direct adaptive method for faster backpropagation learning: The RPROP algorithm},
	author={Riedmiller, Martin and Braun, Heinrich},
	booktitle={Neural Networks, 1993., IEEE International Conference on},
	pages={586--591},
	year={1993},
	organization={IEEE}
}

% history
@article{goulon2005hopfield,
title={From Hopfield nets to recursive networks to graph machines: numerical machine learning for structured data},
	author={Goulon-Sigwalt-Abram, Aur{\'e}lie and Duprat, Arthur and Dreyfus, G{\'e}rard},
	journal={Theoretical computer science},
	volume={344},
	number={2},
	pages={298--334},
	year={2005},
	publisher={Elsevier}
}

% cycles
@incollection{bianchini2003backpropagation,
	title={Backpropagation through cyclic structures},
	author={Bianchini, M and Gori, M and Sarti, L and Scarselli, F},
	booktitle={AI* IA 2003: Advances in Artificial Intelligence},
	pages={118--129},
	year={2003},
	publisher={Springer}
}

% Ivanciuc - ordering chemical compounds
@article{ivanciuc2003canonical,
	title={Canonical numbering and constitutional symmetry},
	author={Ivanciuc, Ovidiu},
	journal={Handbook of Chemoinformatics: From Data to Knowledge in 4 Volumes},
	pages={139--160},
	year={2003},
	publisher={Wiley Online Library}
}

% dealing with nonpositional graphs
@article{bianchini2005recursive,
	title={Recursive neural networks for processing graphs with labelled edges: Theory and applications},
	author={Bianchini, M and Maggini, M and Sarti, L and Scarselli, F},
	journal={Neural Networks},
	volume={18},
	number={8},
	pages={1040--1050},
	year={2005},
	publisher={New York: Pergamon,[c1988-}
}

% BPTT for RNN - well explained
@article{williams1995gradient,
	title={Gradient-based learning algorithms for recurrent networks and their computational complexity},
	author={Williams, Ronald J and Zipser, David},
	journal={Back-propagation: Theory, architectures and applications},
	pages={433--486},
	year={1995}
}

% BPTT - original
@article{pineda1987generalization,
	title={Generalization of back-propagation to recurrent neural networks},
	author={Pineda, Fernando J},
	journal={Physical review letters},
	volume={59},
	number={19},
	pages={2229--2232},
	year={1987},
	publisher={APS}
}


