@book{kittel1986introduction,
	title={Introduction to solid state physics},
	author={Kittel, Charles and McEuen, Paul},
	volume={8},
	year={1986},
	publisher={Wiley New York}
}

