% Number of local minima for neurons
@article{auer1996exponentially,
	title={Exponentially many local minima for single neurons},
	author={Auer, Peter and Herbster, Mark and Warmuth, Manfred K and others},
	journal={Advances in neural information processing systems},
	pages={316--322},
	year={1996},
	publisher={Citeseer}
}


% RPROP
@inproceedings{riedmiller1993direct,
	title={A direct adaptive method for faster backpropagation learning: The {RPROP} algorithm},
	author={Riedmiller, Martin and Braun, Heinrich},
	booktitle={IEEE International Conference on Neural Networks},
	pages={586--591},
	year={1993},
	organization={IEEE}
}

% 3layer NN is universal approximator
@article{hornik1989multilayer,
	title={Multilayer feedforward networks are universal approximators},
	author={Hornik, Kurt and Stinchcombe, Maxwell and White, Halbert},
	journal={Neural networks},
	volume={2},
	number={5},
	pages={359--366},
	year={1989},
	publisher={Elsevier}
}
