% graph kernels
@article{ralaivola2005graph,
	title={Graph kernels for chemical informatics},
	author={Ralaivola, Liva and Swamidass, Sanjay J and Saigo, Hiroto and Baldi, Pierre and others},
	journal={Neural Networks},
	volume={18},
	number={8},
	pages={1093--1110},
	year={2005},
	publisher={New York: Pergamon,[c1988-}
}

% graph machines
@article{goulon2005learning,
	title={Learning numbers from Graphs},
	author={Goulon, Aur{\'e}lie and Duprat, Arthur and Dreyfus, G{\'e}rard},
	journal={Applied Statistical Modelling and Data Analysis, Brest, France},
	pages={17--20},
	year={2005}
}

% graph machines for QSAR
@article{goulon2007predicting,
	title={Predicting activities without computing descriptors: graph machines for {QSAR}},
	author={Goulon, A and Picot, T and Duprat, A and Dreyfus, G},
	journal={SAR and QSAR in Environmental Research},
	volume={18},
	number={1-2},
	pages={141--153},
	year={2007},
	publisher={Taylor \& Francis}
}

% GNN
@article{scarselli2009graph,
	title={The graph neural network model},
	author={Scarselli, Franco and Gori, Marco and Tsoi, Ah Chung and Hagenbuchner, Markus and Monfardini, Gabriele},
	journal={Neural Networks, IEEE Transactions on},
	volume={20},
	number={1},
	pages={61--80},
	year={2009},
	publisher={IEEE}
}

% GNN - XML
@article{yong2006xml,
	title={{XML} document mining using graph neural network},
	author={Yong, SL and Hagenbuchner, M and Tsoi, AC and Scarselli, F and Gori, M},
	journal={Center for Computer Science http://inex. is. informatik. uni-duisburg. de/2006},
	pages={354},
	year={2006},
	publisher={Citeseer}
}

% GNN - web page ranking
@inproceedings{scarselli2005graph,
	title={Graph neural networks for ranking web pages},
	author={Scarselli, Franco and Yong, Sweah Liang and Gori, Marco and Hagenbuchner, Markus and Tsoi, Ah Chung and Maggini, Marco},
	booktitle={Web Intelligence, 2005. Proceedings. The 2005 IEEE/WIC/ACM International Conference on},
	pages={666--672},
	year={2005},
	organization={IEEE}
}

% GNN - localisation in image
@article{monfardini2006graph,
	title={Graph neural networks for object localization},
	author={Monfardini, Gabriele and Di Massa, Vincenzo and Scarselli, Franco and Gori, Marco},
	journal={Frontiers in Artificial Intelligence and Applications},
	volume={141},
	pages={665},
	year={2006},
	publisher={IOS Press}
}

% GNN - image classification
@inproceedings{quek2011structural,
	title={Structural Image Classification with Graph Neural Networks},
	author={Quek, Alyssa and Wang, Zhiyong and Zhang, Jian and Feng, Dagan},
	booktitle={Digital Image Computing Techniques and Applications (DICTA), 2011 International Conference on},
	pages={416--421},
	year={2011},
	organization={IEEE}
}


% LRAAM
@article{sperduti1994labelling,
	title={Labelling recursive auto-associative memory},
	author={Sperduti, Alessandro},
	journal={Connection Science},
	volume={6},
	number={4},
	pages={429--459},
	year={1994},
	publisher={Taylor \& Francis}
}

% RAAM
@article{pollack1990recursive,
	title={Recursive distributed representations},
	author={Pollack, Jordan B},
	journal={Artificial Intelligence},
	volume={46},
	number={1},
	pages={77--105},
	year={1990},
	publisher={Elsevier}
}

% RPROP
@inproceedings{riedmiller1993direct,
	title={A direct adaptive method for faster backpropagation learning: The {RPROP} algorithm},
	author={Riedmiller, Martin and Braun, Heinrich},
	booktitle={Neural Networks, 1993., IEEE International Conference on},
	pages={586--591},
	year={1993},
	organization={IEEE}
}

% history
@article{goulon2005hopfield,
	title={From Hopfield nets to recursive networks to graph machines: numerical machine learning for structured data},
	author={Goulon-Sigwalt-Abram, Aur{\'e}lie and Duprat, Arthur and Dreyfus, G{\'e}rard},
	journal={Theoretical computer science},
	volume={344},
	number={2},
	pages={298--334},
	year={2005},
	publisher={Elsevier}
}

% cycles
@incollection{bianchini2003backpropagation,
	title={Backpropagation through cyclic structures},
	author={Bianchini, M and Gori, M and Sarti, L and Scarselli, F},
	booktitle={AI* IA 2003: Advances in Artificial Intelligence},
	pages={118--129},
	year={2003},
	publisher={Springer}
}

% Ivanciuc - ordering chemical compounds
@article{ivanciuc2003canonical,
	title={Canonical numbering and constitutional symmetry},
	author={Ivanciuc, Ovidiu},
	journal={Handbook of Chemoinformatics: From Data to Knowledge in 4 Volumes},
	pages={139--160},
	year={2003},
	publisher={Wiley Online Library}
}


% BPTT for RNN - well explained
@article{williams1995gradient,
	title={Gradient-based learning algorithms for recurrent networks and their computational complexity},
	author={Williams, Ronald J and Zipser, David},
	journal={Back-propagation: Theory, architectures and applications},
	pages={433--486},
	year={1995}
}

% BPTT - original
@article{pineda1987generalization,
	title={Generalization of back-propagation to recurrent neural networks},
	author={Pineda, Fernando J},
	journal={Physical review letters},
	volume={59},
	number={19},
	pages={2229--2232},
	year={1987},
	publisher={APS}
}

% BPTS - ieee article
@inproceedings{goller1996learning,
	title={Learning task-dependent distributed representations by backpropagation through structure},
	author={Goller, Christoph and Kuchler, Andreas},
	booktitle={Neural Networks, 1996., IEEE International Conference on},
	volume={1},
	pages={347--352},
	year={1996},
	organization={IEEE}
}

% BPTS - almost same article
@incollection{kuchler1996inductive,
	title={Inductive learning in symbolic domains using structure-driven recurrent neural networks},
	author={K{\"u}chler, Andreas and Goller, Christoph},
	booktitle={KI-96: Advances in Artificial Intelligence},
	pages={183--197},
	year={1996},
	publisher={Springer}
}

% generalise recursive neuron
@article{sperduti1997supervised,
	title={Supervised neural networks for the classification of structures},
	author={Sperduti, Alessandro and Starita, Antonina},
	journal={Neural Networks, IEEE Transactions on},
	volume={8},
	number={3},
	pages={714--735},
	year={1997},
	publisher={IEEE}
}

% Recursive neural networks
@article{frasconi1998general,
	title={A general framework for adaptive processing of data structures},
	author={Frasconi, Paolo and Gori, Marco and Sperduti, Alessandro},
	journal={Neural Networks, IEEE Transactions on},
	volume={9},
	number={5},
	pages={768--786},
	year={1998},
	publisher={IEEE}
}

% recursive: dealing with nonpositional graphs, image localisation
@article{bianchini2005recursive,
	title={Recursive neural networks for processing graphs with labelled edges: Theory and applications},
	author={Bianchini, M and Maggini, M and Sarti, L and Scarselli, F},
	journal={Neural Networks},
	volume={18},
	number={8},
	pages={1040--1050},
	year={2005},
	publisher={New York: Pergamon,[c1988-}
}

% recursive: natural language processing
@article{costa2003towards,
	title={Towards incremental parsing of natural language using recursive neural networks},
	author={Costa, Fabrizio and Frasconi, Paolo and Lombardo, Vincenzo and Soda, Giovanni},
	journal={Applied Intelligence},
	volume={19},
	number={1-2},
	pages={9--25},
	year={2003},
	publisher={Springer}
}

% RNN - BCIPEP
@article{saha2006prediction,
	title={Prediction of continuous B-cell epitopes in an antigen using recurrent neural network},
	author={Saha, Sudipto and Raghava, GPS},
	journal={PROTEINS: Structure, Function, and Bioinformatics},
	volume={65},
	number={1},
	pages={40--48},
	year={2006},
	publisher={Wiley Online Library}
}

% Hopfield-Tank optimizer
@article{kree1988recognition,
	title={Recognition of topological features of graphs and images in neural networks},
	author={Kree, R and Zippelius, A},
	journal={Journal of Physics A: Mathematical and General},
	volume={21},
	number={16},
	pages={L813},
	year={1988},
	publisher={IOP Publishing}
}

% RAAM - additional neuron for terminal/non-terminal distinguish
@book{stolcke1992tree,
	title={Tree matching with recursive distributed representations},
	author={Stolcke, Andreas and Wu, Dekai},
	year={1992},
	publisher={Citeseer}
}


