@article{castillo2002global,
	title={A global optimum approach for one-layer neural networks},
	author={Castillo, Enrique and Fontenla-Romero, Oscar and Guijarro-Berdi{\~n}as, Bertha and Alonso-Betanzos, Amparo},
	journal={Neural Computation},
	volume={14},
	number={6},
	pages={1429--1449},
	year={2002},
	publisher={MIT Press}
}

@article{castillo2004general,
	title={A general method for local sensitivity analysis with application to regression models and other optimization problems},
	author={Castillo, Enrique and Hadi, Ali S and Conejo, Antonio and Fern{\'a}ndez-Canteli, Alfonso},
	journal={Technometrics},
	volume={46},
	number={4},
	pages={430--444},
	year={2004},
	publisher={Taylor \& Francis}
}

@article{castillo2006very,
	title={A very fast learning method for neural networks based on sensitivity analysis},
	author={Castillo, Enrique and Guijarro-Berdi{\~n}as, Bertha and Fontenla-Romero, Oscar and Alonso-Betanzos, Amparo},
	journal={The Journal of Machine Learning Research},
	volume={7},
	pages={1159--1182},
	year={2006},
	publisher={JMLR. org}
}

@inproceedings{guijarro2006new,
	title={A new initialization method for neural networks using sensitivity analysis},
	author={Guijarro-Berdinas, Bertha and Fontenla-Romero, Oscar and P{\'e}rez-S{\'a}nchez, Beatriz and Alonso-Betanzos, Amparo},
	booktitle={International Conference on Mathematical and Statistical Modeling, Spain},
	pages={28--30},
	year={2006}
}
